<record><leader>00000cas a22000007a 4500</leader><controlfield tag="001">32083318</controlfield><controlfield tag="008">950303d19551957azuwr ne      0    0eng d</controlfield><datafield ind1=" " ind2=" " tag="010"><subfield code="a">sn 95060513 </subfield></datafield><datafield ind1=" " ind2=" " tag="040"><subfield code="a">ANN</subfield><subfield code="b">eng</subfield><subfield code="c">ANN</subfield><subfield code="d">OCLCQ</subfield><subfield code="d">OCLCF</subfield><subfield code="d">OCLCO</subfield></datafield><datafield ind1="1" ind2=" " tag="029"><subfield code="a">AU@</subfield><subfield code="b">000011579410</subfield></datafield><datafield ind1=" " ind2=" " tag="042"><subfield code="a">msc</subfield></datafield><datafield ind1=" " ind2=" " tag="043"><subfield code="a">n-us-az</subfield></datafield><datafield ind1="0" ind2=" " tag="130"><subfield code="a">Scout (Fort Huachuca, Ariz.)</subfield></datafield><datafield ind1="1" ind2="0" tag="245"><subfield code="a">Scout.</subfield></datafield><datafield ind1="1" ind2="7" tag="246"><subfield code="a">Fort Huachuca scout</subfield></datafield><datafield ind1="1" ind2="7" tag="246"><subfield code="a">Huachuca scout</subfield></datafield><datafield ind1=" " ind2=" " tag="260"><subfield code="a">Fort Huachuca, Ariz. :</subfield><subfield code="b">Post Troop Information and Education Branch,</subfield><subfield code="c">1955-1957.</subfield></datafield><datafield ind1=" " ind2=" " tag="300"><subfield code="a">v. :</subfield><subfield code="b">ill.</subfield></datafield><datafield ind1=" " ind2=" " tag="310"><subfield code="a">Weekly</subfield></datafield><datafield ind1="0" ind2=" " tag="362"><subfield code="a">Vol. 2, no. 24 (Nov. 24, 1955)-v. 4, no. 5 (July 11, 1957).</subfield></datafield><datafield ind1=" " ind2=" " tag="500"><subfield code="a">"Published ... as a civilian enterprise in the interest of the military and civilian personnel of Fort Huachuca" by: Tombstone Epitaph, Feb. 28, 1957-July 11, 1957.</subfield></datafield><datafield ind1=" " ind2="0" tag="650"><subfield code="a">Military bases</subfield><subfield code="z">Arizona</subfield><subfield code="v">Newspapers.</subfield></datafield><datafield ind1=" " ind2="0" tag="651"><subfield code="a">Fort Huachuca (Ariz.)</subfield><subfield code="v">Newspapers.</subfield></datafield><datafield ind1=" " ind2="7" tag="655"><subfield code="a">Newspapers.</subfield><subfield code="2">fast</subfield><subfield code="0">(OCoLC)fst01423814</subfield></datafield><datafield ind1=" " ind2="7" tag="650"><subfield code="a">Military bases.</subfield><subfield code="2">fast</subfield><subfield code="0">(OCoLC)fst01020986</subfield></datafield><datafield ind1=" " ind2="7" tag="651"><subfield code="a">Arizona.</subfield><subfield code="2">fast</subfield><subfield code="0">(OCoLC)fst01204820</subfield></datafield><datafield ind1=" " ind2="7" tag="651"><subfield code="a">Arizona</subfield><subfield code="z">Fort Huachuca.</subfield><subfield code="2">fast</subfield><subfield code="0">(OCoLC)fst01213481</subfield></datafield><datafield ind1=" " ind2=" " tag="752"><subfield code="a">United States</subfield><subfield code="b">Arizona</subfield><subfield code="c">Cochise</subfield><subfield code="d">Fort Huachuca.</subfield></datafield><datafield ind1="0" ind2="0" tag="780"><subfield code="t">Fort Huachuca scout</subfield><subfield code="w">(DLC)sn 95060512</subfield></datafield><datafield ind1="0" ind2="0" tag="785"><subfield code="t">Huachuca scout</subfield><subfield code="w">(DLC)sn 95060514</subfield></datafield></record>